<record><leader>00000cas a22000007i 4500</leader><controlfield tag="001">909574507</controlfield><controlfield tag="008">150520c20099999cauwr n       0   a0eng  </controlfield><datafield ind1=" " ind2=" " tag="010"><subfield code="a">  2015201116</subfield></datafield><datafield ind1=" " ind2=" " tag="040"><subfield code="a">DLC</subfield><subfield code="b">eng</subfield><subfield code="e">rda</subfield><subfield code="c">DLC</subfield><subfield code="d">DLC</subfield></datafield><datafield ind1=" " ind2=" " tag="012"><subfield code="l">1</subfield></datafield><datafield ind1="0" ind2=" " tag="022"><subfield code="a">2379-318X</subfield><subfield code="y">0883-6124</subfield><subfield code="2">1</subfield></datafield><datafield ind1=" " ind2=" " tag="037"><subfield code="a">Valley News, Inc., 1588 S. Mission Rd. #200, Fallbrook, CA  92539</subfield></datafield><datafield ind1=" " ind2=" " tag="042"><subfield code="a">pcc</subfield><subfield code="a">nsdp</subfield></datafield><datafield ind1="1" ind2="0" tag="050"><subfield code="a">ISSN RECORD</subfield></datafield><datafield ind1="1" ind2="0" tag="082"><subfield code="a">070</subfield><subfield code="2">23</subfield></datafield><datafield ind1=" " ind2="0" tag="222"><subfield code="a">Valley news</subfield><subfield code="b">(Fallbrook, Calif.  Print)</subfield></datafield><datafield ind1="0" ind2="0" tag="245"><subfield code="a">Valley news.</subfield></datafield><datafield ind1="1" ind2=" " tag="246"><subfield code="a">VN</subfield></datafield><datafield ind1="1" ind2=" " tag="246"><subfield code="a">Temecula Valley news</subfield></datafield><datafield ind1="1" ind2=" " tag="246"><subfield code="a">My Valley news</subfield></datafield><datafield ind1=" " ind2="1" tag="264"><subfield code="a">Fallbrook, CA :</subfield><subfield code="b">Valley News, Inc.</subfield></datafield><datafield ind1=" " ind2=" " tag="310"><subfield code="a">Weekly</subfield></datafield><datafield ind1=" " ind2=" " tag="336"><subfield code="a">text</subfield><subfield code="b">txt</subfield><subfield code="2">rdacontent</subfield></datafield><datafield ind1=" " ind2=" " tag="337"><subfield code="a">unmediated</subfield><subfield code="b">c</subfield><subfield code="2">rdamedia</subfield></datafield><datafield ind1=" " ind2=" " tag="338"><subfield code="a">volume</subfield><subfield code="b">cr</subfield><subfield code="2">rdacarrier</subfield></datafield><datafield ind1="1" ind2=" " tag="362"><subfield code="a">Began with: November 28, 2009</subfield></datafield><datafield ind1=" " ind2=" " tag="588"><subfield code="a">Description based on surrogate of: Volume 15, issue 19 (May 8-14, 2015); title from masthead.</subfield></datafield><datafield ind1=" " ind2=" " tag="588"><subfield code="a">Latest issue consulted: Volume 15, issue 19 (May 8-14, 2015) (surrogate).</subfield></datafield><datafield ind1="0" ind2="8" tag="776"><subfield code="i">Online version:</subfield><subfield code="t">Valley news</subfield><subfield code="x">2379-3201</subfield><subfield code="w">(DLC)  2015201115</subfield><subfield code="w">(OCoLC)909577657</subfield></datafield><datafield ind1="4" ind2="1" tag="856"><subfield code="u">http://www.dailysocal.com/corp/valley-news-digital-edition/</subfield></datafield><datafield ind1="4" ind2="1" tag="856"><subfield code="u">http://myvalleynews.com/</subfield></datafield></record>